<record><leader>00000cas a2200000 a 4500</leader><controlfield tag="001">15194354</controlfield><controlfield tag="008">870213d18uu19uuiluwr ne      0   a0eng c</controlfield><datafield ind1=" " ind2=" " tag="010"><subfield code="a">sn 87082205 </subfield></datafield><datafield ind1=" " ind2=" " tag="040"><subfield code="a">NPV</subfield><subfield code="b">eng</subfield><subfield code="c">NPV</subfield><subfield code="d">NVF</subfield><subfield code="d">CVF</subfield><subfield code="d">OCL</subfield><subfield code="d">NVF</subfield><subfield code="d">OCLCQ</subfield><subfield code="d">OCLCF</subfield><subfield code="d">NVF</subfield><subfield code="d">OCLCO</subfield></datafield><datafield ind1="1" ind2=" " tag="029"><subfield code="a">AU@</subfield><subfield code="b">000041128899</subfield></datafield><datafield ind1=" " ind2=" " tag="042"><subfield code="a">pcc</subfield></datafield><datafield ind1=" " ind2=" " tag="043"><subfield code="a">n-us-il</subfield></datafield><datafield ind1="0" ind2=" " tag="130"><subfield code="a">Albion journal (Albion, Ill. : Weekly)</subfield></datafield><datafield ind1="1" ind2="0" tag="245"><subfield code="a">Albion journal.</subfield></datafield><datafield ind1=" " ind2=" " tag="260"><subfield code="a">Albion, Ill. :</subfield><subfield code="b">Gil. R. Stormont</subfield></datafield><datafield ind1=" " ind2=" " tag="300"><subfield code="a">v.</subfield></datafield><datafield ind1=" " ind2=" " tag="310"><subfield code="a">Weekly,</subfield><subfield code="b">Oct. 9, 1902-&lt;Dec. 29, 1904&gt;</subfield></datafield><datafield ind1=" " ind2=" " tag="321"><subfield code="a">Weekly,</subfield><subfield code="b">&lt;July, 18, 1874&gt;-Mar. 20, 1902</subfield></datafield><datafield ind1=" " ind2=" " tag="321"><subfield code="a">Semiweekly,</subfield><subfield code="b">Mar. 26-Oct. 1, 1902</subfield></datafield><datafield ind1=" " ind2=" " tag="500"><subfield code="a">Includes daily fair editions issued Sept. 24-25, 1885.</subfield></datafield><datafield ind1=" " ind2=" " tag="515"><subfield code="a">Issue for v. 27, no. 37 (Apr. 2, 1896) erroneously designated as v. 27, no. 37 (Mar. 27, 1896).</subfield></datafield><datafield ind1=" " ind2=" " tag="515"><subfield code="a">Some irregularities in issue numbering.</subfield></datafield><datafield ind1=" " ind2=" " tag="525"><subfield code="a">Supplements accompany some issues.</subfield></datafield><datafield ind1=" " ind2=" " tag="530"><subfield code="a">Preservation microfilmed by the University of Illinois at Urbana-Champaign Library as part of the United States Newspaper Program; the years 1884-1900 (on 4 microfilm reels) are available for purchase from OCLC Preservation Service Centers.</subfield></datafield><datafield ind1=" " ind2=" " tag="580"><subfield code="a">Daily ed.: Albion journal (Albion, Ill. : Daily), 1902-1903.</subfield></datafield><datafield ind1=" " ind2=" " tag="588"><subfield code="a">Description based on: Vol. 5, no. 51 (July 18, 1874).</subfield></datafield><datafield ind1=" " ind2=" " tag="588"><subfield code="a">Latest issue consulted: Dec. 29, 1904.</subfield></datafield><datafield ind1=" " ind2="0" tag="651"><subfield code="a">Albion (Ill.)</subfield><subfield code="v">Newspapers.</subfield></datafield><datafield ind1=" " ind2="7" tag="651"><subfield code="a">Illinois</subfield><subfield code="z">Albion.</subfield><subfield code="2">fast</subfield><subfield code="0">(OCoLC)fst01233652</subfield></datafield><datafield ind1=" " ind2="7" tag="655"><subfield code="a">Newspapers.</subfield><subfield code="2">fast</subfield><subfield code="0">(OCoLC)fst01423814</subfield></datafield><datafield ind1=" " ind2=" " tag="752"><subfield code="a">United States</subfield><subfield code="b">Illinois</subfield><subfield code="c">Edwards</subfield><subfield code="d">Albion.</subfield></datafield><datafield ind1="1" ind2=" " tag="775"><subfield code="t">Albion journal (Albion, Ill. : Daily)</subfield><subfield code="w">(DLC)sn 91054106</subfield><subfield code="w">(OCoLC)24081794</subfield></datafield><datafield ind1="0" ind2="5" tag="780"><subfield code="t">Edwards County Republican</subfield><subfield code="w">(DLC)sn 91054105</subfield><subfield code="w">(OCoLC)24081460</subfield></datafield></record>